@misc{kinect_control,
	TITLE = "The Complete List of Kinect Gesture and Voice Commands For Your Referencing Pleasure",
	HOWPUBLISHED = "\url{https://news.xbox.com/en-us/2013/11/26/xbox-one-kinect-gesture-and-voice-guide/}",
	NOTE = "Accessed: 2018-05-03"
}
@misc{jaywalkers_china,
	TITLE = "If You Jaywalk in China, Facial Recognition Means You’ll Walk Away With A Fine",
	AUTHOR="Claudia Geib",
	HOWPUBLISHED = "\url{https://futurism.com/facial-recognition-china-social-credit/}",
	NOTE = "Accessed: 2018-05-03"
}
@ARTICLE{detecting_faces_a_survey,
	TITLE="Detecting Faces in Images: A Survey",
	AUTHOR="Ming-Hsuan Yang and David J. Kriegman and Narendra Ahuja",
	JOURNAL="IEEE TRANSACTIONS ON PATTERN ANALYSIS AND MACHINE INTELLIGENCE",
	VOLUME="24",
	NUMBER="1",
	YEAR="2002",
	PAGES="34--58"
}
@InProceedings{finding_naked_people,
	AUTHOR = "Fleck, Margaret M.
	and Forsyth, David A.
	and Bregler, Chris",
	editor = "Buxton, Bernard
	and Cipolla, Roberto",
	TITLE = "Finding naked people",
	BOOKTITLE = "Computer Vision --- ECCV '96",
	YEAR = "1996",
	PUBLISHER = "Springer Berlin Heidelberg",
	ADDRESS = "Berlin, Heidelberg",
	PAGES = "593--602"
}
@ARTICLE{anchor_person_detection,
	TITLE="Anchor Person Detection using Haar-Like Feature
	Extraction from News Videos",
	AUTHOR="Brindha M. and R. Amsaveni",
	JOURNAL="International Journal of Computer Applications",
	VOLUME="153",
	NUMBER="9",
	YEAR="2016",
	PAGES="23--27"
}
@ARTICLE{compaq,
	AUTHOR="Michael J. Jones and James M. Rehg",
	TITLE="Statistical color models with applications to skin detection",
	JOURNAL="International Journal of Computer Vision",
	VOLUME="46",
	YEAR="2002",
	PAGES="81–-96"
}
@INPROCEEDINGS{gaussian_applied,
	AUTHOR="Jae Y. Lee and Suk I. Yoo",
	TITLE="An elliptical boundary model for skin color detection",
	booktitle="In Proc. of the 2002 International Conference on Imaging Science, Systems, and Technology",
	YEAR="2002"
}
@ARTICLE{rgb_threshold,
	AUTHOR="Jure Kovac and Peter Peer and Franc Solina",
	TITLE="Human Skin Colour Clustering for Face Detection",
	JOURNAL="EUROCON",
	YEAR="2003"
}
@ARTICLE{cr_cb_threshold,
	AUTHOR="Douglas Chai and King N. Ngan",
	TITLE="Face Segmentation Using Skin-Color Map in Videophone Applications",
	JOURNAL="IEEE TRANSACTIONS ON CIRCUITS AND SYSTEMS FOR VIDEO TECHNOLOGY",
	VOLUME="9",
	NUMBER="4",
	YEAR="1999",
	PAGES="551–-564"
}
@ARTICLE{yiq_threshold,
	AUTHOR="Ying Dai and Yasuaki Nakano",
	TITLE="Face-texture Model Based on SGLD and its Application in Face Detection in a Color Scene",
	JOURNAL="Pattern Recognition",
	VOLUME="29",
	NUMBER="6",
	YEAR="1996",
	PAGES="1007–-1017"
}
@ARTICLE{rca_threshold,
	AUTHOR="Giovani Gomez and Eduardo F. Morales",
	TITLE="Automatic Feature Construction and a Simple Rule Induction Algorithm for Skin Detection",
	JOURNAL="Proceedings of Workshop on Machine Learning in Computer Vision",
	YEAR="2002",
	PAGES="31–-38"
}
@ARTICLE{i_threshold,
	AUTHOR="C.Wang and M.Brandstein",
	TITLE="Multi-Source Face Tracking with Audio and Visual Data",
	JOURNAL="IEEE MMSP",
	YEAR="1999",
	PAGES="168"
}
@ARTICLE{i_threshold_applied,
	AUTHOR="Brand and J. and Mason",
	TITLE="A comparative assessment of three approaches to pixellevel human skin-detection",
	JOURNAL="In Proc. of the International Conference on Pattern Recognition",
	YEAR="2000",
	VOLUME="1",
	PAGES="1056--1059"
}
@ARTICLE{superpixels_applied_1,
	AUTHOR="Frerk Saxen and Ayoub Al-Hamadi",
	TITLE="Superpixels for Skin Segmentation",
	JOURNAL="Workshop Farbbildverarbeitung, At Wuppertal",
	YEAR="2014",
	VOLUME="20"
}
@ARTICLE{superpixels_applied_2,
	AUTHOR="Rudra PK Poudel and Jian J Zhang and David Liu and Hammadi Nait-Charif",
	TITLE="Skin Color Detection Using Region-Based Approach",
	JOURNAL="International Journal of Image Processing (IJIP)",
	YEAR="2013",
	VOLUME="7",
	NUMBER="4"
}
@article{color_texture_ann,
	author    = "Nidhal K. El Abbadi and Nazar Dahir and Zaid Abd Alkareem",
	title     = "Skin Texture Recognition Using Neural Networks",
	journal   = "CoRR",
	volume    = "abs/1311.6049",
	year      = "2013",
	url       = "http://arxiv.org/abs/1311.6049",
	archivePrefix = "arXiv",
	eprint    = "1311.6049",
	timestamp = "Wed, 07 Jun 2017 14:41:42 +0200",
	biburl    = "https://dblp.org/rec/bib/journals/corr/AbbadiDA13",
	bibsource = "dblp computer science bibliography, https://dblp.org"
}
@ARTICLE{texture_svm,
	AUTHOR="Medjram Sofiane and Babahenini Mohamed Chaouki and Mohamed Benali Yamina",
	TITLE="Improved Skin Detection Using Colour Space and Texture",
	JOURNAL="International Journal of Computer and Information Engineering",
	YEAR="2014",
	VOLUME="8",
	NUMBER="12"
}
@ARTICLE{texture_gabor_wavelet,
	AUTHOR="Zhiwei Jiang and Min Yao and Wei Jiang",
	TITLE="Skin Detection Using Color, Texture and Space Information",
	JOURNAL=" Fuzzy Systems and Knowledge Discovery",
	YEAR="2007"
}
@ARTICLE{hmm,
	AUTHOR="Leonid Sigal and Stan Sclaroff and Vassilis Athitsos",
	TITLE="Skin Color-Based Video Segmentation
	under Time-Varying Illumination",
	JOURNAL="IEEE TRANSACTIONS ON PATTERN ANALYSIS AND MACHINE INTELLIGENCE",
	YEAR="2004",
	VOLUME="26",
	NUMBER="7"
}
@INPROCEEDINGS{quickshift_gpu,
	AUTHOR="B. Fulkerson and S. Soatto",
	TITLE="Really quick shift: Image segmentation on a GPU",
	booktitle="In Proceedings of the Workshop on Computer Vision using GPUs, held with the European Conference on Computer Vision",
	YEAR="2010"
}
@ARTICLE{haralick_features,
	AUTHOR="Robert M. Haralick and K. Shanmugam, and Its'Hak Dinstein",
	TITLE="Textural Features for Image Classification",
	JOURNAL="IEEE TRANSACTIONS ON SYSTEMS, MAN, AND CYBERNETICS",
	YEAR="1973",
	VOLUME="3",
	NUMBER="6"
}
@ARTICLE{sfa,
	AUTHOR="Casati, J. P. B. and Moraes, D. R. and Rodrigues, E. L. L.",
	TITLE="SFA: A Human Skin Image Database based on FERET and AR Facial Images",
	JOURNAL="IX Workshop de Visão Computacional, Rio de Janeiro",
	YEAR="2013"
}

