@misc{color_management_guide,
  author = {Arnaud Frich},
  title = {Color Management Guide},
  howpublished = {\url{https://www.color-management-guide.com/color-spaces.html/}},
  note = {Accessed: 2018-04-07}
}
@ARTICLE{survey_color_detection_techniques,
	AUTHOR="Vladimir Vezhnevets, Vassili Sazonov, Alla Andreeva",
	TITLE="A Survey on Pixel-Based Skin Color Detection Techniques",
	journal="GRAPHICON03",
	YEAR="2003",
	pages="85--92"
}